<record xmlns="http://www.loc.gov/MARC21/slim">
   <leader>03280cam a2200445Ii 4500</leader>
   <controlfield tag="001">6657834</controlfield>
   <controlfield tag="003">FlBoTFG</controlfield>
   <controlfield tag="005">20140801114850.0</controlfield>
   <controlfield tag="006">m    |o  d |      </controlfield>
   <controlfield tag="007">cr |||</controlfield>
   <controlfield tag="008">140801t20152015fluabdf ob    001 0 eng d</controlfield>
   <datafield ind1=" " ind2=" " tag="020">
      <subfield code="a">9781482210095 (e-book : PDF)</subfield>
   </datafield>
   <datafield ind1=" " ind2=" " tag="035">
      <subfield code="a">ocn884595096</subfield>
   </datafield>
   <datafield ind1=" " ind2=" " tag="039">
      <subfield code="a">exclude</subfield>
   </datafield>
   <datafield ind1=" " ind2=" " tag="040">
      <subfield code="a">FlBoTFG</subfield>
      <subfield code="b">eng</subfield>
      <subfield code="c">FlBoTFG</subfield>
      <subfield code="e">rda</subfield>
      <subfield code="d">AEU</subfield>
   </datafield>
   <datafield ind1=" " ind2="4" tag="050">
      <subfield code="a">SB191.S7</subfield>
      <subfield code="b">G46 2015</subfield>
   </datafield>
   <datafield ind1=" " ind2=" " tag="090">
      <subfield code="a">Internet Access</subfield>
      <subfield code="b">AEU</subfield>
   </datafield>
   <datafield ind1="0" ind2="0" tag="245">
      <subfield code="a">Genetics, genomics and breeding of sorghum /</subfield>
      <subfield code="c">editors: Yi-Hong Wang, Department of Biology, University of Louisiana at Lafayette, Lafayette, LA, USA, Hari D. Upadhyaya, International Crops Research Institute for the Semi-Arid Tropics (ICRISAT), Patancheru, Andhra Pradesh, India, Chittaranjan Kole, Vice-Chancellor, Bidhan Chandra Agricultural University, Mohanpur, West Bengal, India.</subfield>
   </datafield>
   <datafield ind1=" " ind2="1" tag="264">
      <subfield code="a">Boca Raton, FL :</subfield>
      <subfield code="b">CRC Press,</subfield>
      <subfield code="c">[2015]</subfield>
   </datafield>
   <datafield ind1=" " ind2="4" tag="264">
      <subfield code="c">©2015</subfield>
   </datafield>
   <datafield ind1=" " ind2=" " tag="300">
      <subfield code="a">1 online resource :</subfield>
      <subfield code="b">text file, PDF</subfield>
   </datafield>
   <datafield ind1=" " ind2=" " tag="336">
      <subfield code="a">text</subfield>
      <subfield code="2">rdacontent</subfield>
   </datafield>
   <datafield ind1=" " ind2=" " tag="337">
      <subfield code="a">computer</subfield>
      <subfield code="2">rdamedia</subfield>
   </datafield>
   <datafield ind1=" " ind2=" " tag="338">
      <subfield code="a">online resource</subfield>
      <subfield code="2">rdacarrier</subfield>
   </datafield>
   <datafield ind1="1" ind2=" " tag="490">
      <subfield code="a">Genetics, genomics and breeding of crop plants</subfield>
   </datafield>
   <datafield ind1=" " ind2=" " tag="500">
      <subfield code="a">"A Science Publishers book."</subfield>
   </datafield>
   <datafield ind1=" " ind2=" " tag="504">
      <subfield code="a">Includes bibliographical references and index.</subfield>
   </datafield>
   <datafield ind1="0" ind2=" " tag="505">
      <subfield code="a">Sorghum production for diversified uses / Srinivasa Rao P., Belum V.S. Reddy, N. Nagaraj and Hari D. Upadhyaya -- Sorghum genetic resources : conservation and diversity assessment for enhanced utilization in sorghum improvement / Hari D. Upadhyaya, Shivali Sharma, Sangam L. Dwivedi and Shailesh K. Singh -- Wild sorghums : their potential use in crop improvement / Kamala Venkateswaran, Moses Muraya, S.L. Dwivedi and H.D. Upadhyaya -- Sorghum breeding / Ismail Dweikat -- Sorghum genetic diversity / Moses M. Muraya -- Genetic mapping in sorghum / R. Madhusudhana -- Molecular breeding / C.D. Franks and M.L.M. Mayor -- Genetic mapping of abiotic stress responses in sorghum / Yi-Hong Wang, Gloria B. Burow and John J. Burke -- Understanding genetic control of biotic stress resistance in sorghum for applied breeding / Are Ashok Kumar, Sunita Gorthy, Hari Chand Sharma, Yinghua Huang, Rajan Sharma and Belum V.S. Reddy -- Next-generation sequencing technology for genetics and genomics of sorghum / Hong Luo, Anne Mocoeur and Hai-Chun Jing -- Genetic transformation and breeding / Guoquan Liu, Edward K. Gilding and Ian D. Godwin -- Phenotypic mutant library : potential for gene discovery / Zhanguo Xin, Junping Chen, Gloria Burow and John Burke -- Prospect of sorghum as a biofuel feedstock / Srinivasa Rao P., Walter Zegada-Lizarazu, Danielle Bellmer and Andrea Monti.</subfield>
   </datafield>
   <datafield ind1=" " ind2=" " tag="506">
      <subfield code="a">Access restricted to authorized users and institutions.</subfield>
   </datafield>
   <datafield ind1=" " ind2=" " tag="596">
      <subfield code="a">44</subfield>
   </datafield>
   <datafield ind1=" " ind2="0" tag="650">
      <subfield code="a">Sorghum</subfield>
      <subfield code="x">Breeding.</subfield>
   </datafield>
   <datafield ind1=" " ind2="0" tag="650">
      <subfield code="a">Sorghum</subfield>
      <subfield code="x">Genetics.</subfield>
   </datafield>
   <datafield ind1=" " ind2="0" tag="650">
      <subfield code="a">Sorghum</subfield>
      <subfield code="x">Genome mapping.</subfield>
   </datafield>
   <datafield ind1="1" ind2=" " tag="700">
      <subfield code="a">Wang, Yi-Hong,</subfield>
      <subfield code="e">editor.</subfield>
   </datafield>
   <datafield ind1="1" ind2=" " tag="700">
      <subfield code="a">Upadhyaya, Hari D.,</subfield>
      <subfield code="e">editor.</subfield>
   </datafield>
   <datafield ind1="1" ind2=" " tag="700">
      <subfield code="a">Kole, Chittaranjan,</subfield>
      <subfield code="e">editor.</subfield>
   </datafield>
   <datafield ind1=" " ind2="0" tag="830">
      <subfield code="a">Genetics, genomics and breeding of crop plants.</subfield>
   </datafield>
   <datafield ind1="4" ind2="0" tag="856">
      <subfield code="3">University of Alberta Access</subfield>
      <subfield code="u">http://marc.crcnetbase.com/isbn/9781482210095</subfield>
      <subfield code="z">(Unlimited Concurrent Users)</subfield>
   </datafield>
   <datafield ind1=" " ind2=" " tag="949">
      <subfield code="h">UAIN</subfield>
      <subfield code="z">CRC</subfield>
   </datafield>
   <datafield ind1=" " ind2=" " tag="926">
      <subfield code="a">Internet Access</subfield>
      <subfield code="w">LC</subfield>
      <subfield code="c">1</subfield>
      <subfield code="i">6657834-1001</subfield>
      <subfield code="l">INTERNET</subfield>
      <subfield code="m">UAINTERNET</subfield>
      <subfield code="r">Y</subfield>
      <subfield code="s">Y</subfield>
      <subfield code="t">E-RESOURCE</subfield>
      <subfield code="u">8/8/2014</subfield>
      <subfield code="x">E-BOOK</subfield>
      <subfield code="z">CRC</subfield>
   </datafield>
</record>
